<record><leader>00000cas a2200000 a 4500</leader><controlfield tag="001">28835881</controlfield><controlfield tag="008">930916d19681970cauir ne      0    0eng c</controlfield><datafield ind1=" " ind2=" " tag="010"><subfield code="a">sn 93053405 </subfield></datafield><datafield ind1=" " ind2=" " tag="040"><subfield code="a">CNK</subfield><subfield code="b">eng</subfield><subfield code="c">CNK</subfield><subfield code="d">OCLCQ</subfield><subfield code="d">CNK</subfield><subfield code="d">OCLCQ</subfield><subfield code="d">OCLCF</subfield><subfield code="d">OCLCO</subfield></datafield><datafield ind1="1" ind2=" " tag="029"><subfield code="a">AU@</subfield><subfield code="b">000025907098</subfield></datafield><datafield ind1=" " ind2=" " tag="042"><subfield code="a">pcc</subfield></datafield><datafield ind1=" " ind2=" " tag="043"><subfield code="a">n-us-ca</subfield></datafield><datafield ind1="0" ind2="0" tag="245"><subfield code="a">Sunnyvale standard register leader.</subfield></datafield><datafield ind1=" " ind2=" " tag="260"><subfield code="a">Sunnyvale, Calif. :</subfield><subfield code="b">Community Publishers</subfield></datafield><datafield ind1=" " ind2=" " tag="300"><subfield code="a">v.</subfield></datafield><datafield ind1=" " ind2=" " tag="310"><subfield code="a">Triweekly,</subfield><subfield code="b">June 10-July 8, 1970</subfield></datafield><datafield ind1=" " ind2=" " tag="321"><subfield code="a">Daily (Tues.-Fri., Sun.),</subfield><subfield code="b">Apr. 30, 1968-June 7, 1970</subfield></datafield><datafield ind1="0" ind2=" " tag="362"><subfield code="a">62nd year, no. 41 (Apr. 30, 1968)-64th year, no. 12 (July 8, 1970).</subfield></datafield><datafield ind1=" " ind2=" " tag="530"><subfield code="a">Master negatives are available for duplication from:</subfield><subfield code="b">California Newspaper Microfilm Archive;</subfield><subfield code="c">positive copies may be purchased by the reel; for further information consult the CNMA at:</subfield><subfield code="u">http://cbsr.ucr.edu</subfield></datafield><datafield ind1=" " ind2="0" tag="651"><subfield code="a">Cupertino (Calif.)</subfield><subfield code="v">Newspapers.</subfield></datafield><datafield ind1=" " ind2="0" tag="651"><subfield code="a">Mountain View (Calif.)</subfield><subfield code="v">Newspapers.</subfield></datafield><datafield ind1=" " ind2="0" tag="651"><subfield code="a">Sunnyvale (Calif.)</subfield><subfield code="v">Newspapers.</subfield></datafield><datafield ind1=" " ind2="7" tag="655"><subfield code="a">Newspapers.</subfield><subfield code="2">fast</subfield><subfield code="0">(OCoLC)fst01423814</subfield></datafield><datafield ind1=" " ind2="7" tag="651"><subfield code="a">California</subfield><subfield code="z">Cupertino.</subfield><subfield code="2">fast</subfield><subfield code="0">(OCoLC)fst01215497</subfield></datafield><datafield ind1=" " ind2="7" tag="651"><subfield code="a">California</subfield><subfield code="z">Mountain View.</subfield><subfield code="2">fast</subfield><subfield code="0">(OCoLC)fst01213955</subfield></datafield><datafield ind1=" " ind2="7" tag="651"><subfield code="a">California</subfield><subfield code="z">Sunnyvale.</subfield><subfield code="2">fast</subfield><subfield code="0">(OCoLC)fst01213437</subfield></datafield><datafield ind1=" " ind2=" " tag="752"><subfield code="a">United States</subfield><subfield code="b">California</subfield><subfield code="c">Santa Clara</subfield><subfield code="d">Sunnyvale.</subfield></datafield><datafield ind1="0" ind2="0" tag="780"><subfield code="t">Standard register leader</subfield><subfield code="w">(DLC)sn 93053404</subfield></datafield><datafield ind1="0" ind2="0" tag="785"><subfield code="t">Valley journal (Sunnyvale, Calif.)</subfield><subfield code="w">(DLC)sn 93053406</subfield></datafield></record>